@article{xu2017accelerating,
  title={Accelerating Convolutional Neural Networks for Continuous Mobile Vision via Cache Reuse},
  author={Xu, Mengwei and Liu, Xuanzhe and Liu, Yunxin and Lin, Felix Xiaozhu},
  journal={arXiv preprint arXiv:1712.01670},
  year={2017}
}
@article{pollefeys2004visual,
  title={Visual modeling with a hand-held camera},
  author={Pollefeys, Marc and Van Gool, Luc and Vergauwen, Maarten and Verbiest, Frank and Cornelis, Kurt and Tops, Jan and Koch, Reinhard},
  journal={International Journal of Computer Vision},
  volume={59},
  number={3},
  pages={207--232},
  year={2004},
  publisher={Springer}
}
@article{li2015tree,
  title={When are tree structures necessary for deep learning of representations?},
  author={Li, Jiwei and Luong, Minh-Thang and Jurafsky, Dan and Hovy, Eudard},
  journal={arXiv preprint arXiv:1503.00185},
  year={2015}
}
@article{tsochantaridis2005large,
  title={Large margin methods for structured and interdependent output variables},
  author={Tsochantaridis, Ioannis and Joachims, Thorsten and Hofmann, Thomas and Altun, Yasemin},
  journal={Journal of machine learning research},
  volume={6},
  number={Sep},
  pages={1453--1484},
  year={2005}
}
@techreport{weston1998multi,
  title={Multi-class support vector machines},
  author={Weston, Jason and Watkins, Chris},
  year={1998},
  institution={Citeseer}
}
@article{crammer2001algorithmic,
  title={On the algorithmic implementation of multiclass kernel-based vector machines},
  author={Crammer, Koby and Singer, Yoram},
  journal={Journal of machine learning research},
  volume={2},
  number={Dec},
  pages={265--292},
  year={2001}
}
@article{potmesil1987generating,
  title={Generating octree models of 3D objects from their silhouettes in a sequence of images},
  author={Potmesil, Michael},
  journal={Computer Vision, Graphics, and Image Processing},
  volume={40},
  number={1},
  pages={1--29},
  year={1987},
  publisher={Elsevier}
}